<record><leader>00000cas a2200000 a 4500</leader><controlfield tag="001">11586904</controlfield><controlfield tag="008">850116d18921892ksuwr ne      0   a0eng d</controlfield><datafield ind1=" " ind2=" " tag="010"><subfield code="a">sn 84030459 </subfield></datafield><datafield ind1=" " ind2=" " tag="040"><subfield code="a">KSH</subfield><subfield code="b">eng</subfield><subfield code="c">KSH</subfield><subfield code="d">NPT</subfield><subfield code="d">OCL</subfield><subfield code="d">OCLCQ</subfield></datafield><datafield ind1=" " ind2=" " tag="042"><subfield code="a">msc</subfield></datafield><datafield ind1="0" ind2="0" tag="245"><subfield code="a">Halstead independent tribune.</subfield></datafield><datafield ind1=" " ind2=" " tag="260"><subfield code="a">Halstead, Kan. :</subfield><subfield code="b">E.J. Bookwalter,</subfield><subfield code="c">1892.</subfield></datafield><datafield ind1=" " ind2=" " tag="300"><subfield code="a">1 v. :</subfield><subfield code="b">ill. ;</subfield><subfield code="c">62 cm.</subfield></datafield><datafield ind1=" " ind2=" " tag="310"><subfield code="a">Weekly</subfield></datafield><datafield ind1="0" ind2=" " tag="362"><subfield code="a">Vol. 12, no. 15 (Aug. 5, 1892)-v. 12, no. 23 (Sept. 30, 1892).</subfield></datafield><datafield ind1=" " ind2=" " tag="752"><subfield code="a">United States</subfield><subfield code="b">Kansas</subfield><subfield code="c">Harvey</subfield><subfield code="d">Halstead.</subfield></datafield><datafield ind1="0" ind2="4" tag="780"><subfield code="t">Halstead independent (Halstead, Kan. : 1881)</subfield><subfield code="w">(DLC)sn 84030453</subfield></datafield><datafield ind1="0" ind2="4" tag="780"><subfield code="t">Halstead tribune</subfield><subfield code="w">(DLC)sn 84030456</subfield></datafield><datafield ind1="0" ind2="0" tag="785"><subfield code="t">Halstead independent (Halstead, Kan. : 1892)</subfield><subfield code="w">(DLC)sn 84030457</subfield></datafield></record>